% Encoding: UTF-8

@Misc{Site22,
  author        = {FIBRA{ }CIRÚRGICA},
  editor        = {3M},
  title         = {Eletrodo 3M Descartável Espuma 2223BRQ Pacote com 50UN},
  year          = {2017},
  date          = {2017-11-20},
  url           = {http://www.fibracirurgica.com.br/eletrodo-descartavel-espuma-2223brq-pacote-c-50-unidades-3m/p},
  urlaccessdate = {28 out. 2017},
}

@Misc{analogica,
  author        = {ADAFRUIT},
  title         = {MCP3008},
  year          = {2017},
  url           = {https://learn.adafruit.com/raspberry-pi-analog-to-digital-converters/mcp3008},
  urlaccessdate = {07 mai. 2017},
}

@Book{usp,
  author      = {M S Dall' Agnol},
  title       = {Projeto de Disciplina para aprendizado em Linux e Raspberry Pi},
  year        = {2014},
  date        = {2014-11-28},
  publisher   = {Universidade de São Paulo},
  address     = {São Carlos},
  comment     = {Monografia},
  institution = {Escola de Engenharia de São Carlos},
}

@Book{boy,
  author    = {Boylestad, Robert L and Nashelsky, Louis},
  title     = {Dispositivos eletr{\^o}nicos e teoria de circuitos},
  year      = {2004},
  date      = {2017-12-11},
  editora   = {Pearson},
  edition   = {8},
  publisher = {Prentice-Hall do Brasil},
  address   = {São Paulo},
}

@Misc{HS15,
  author        = {CATÁLAGO{ }HOSPITAL},
  title         = {HS15 SIMULADOR DE EXG C/12 VARIAÇÕES PARA ELETROCARDIOGRAFO MILTICANAL},
  year          = {2017},
  url           = {http://catalogohospitalar.com.br/hs15-simulador-de-ecg-c-12-variacoes-para-eletrocardiografo-multicanal.html},
  urlaccessdate = {20 mai. 2017},
}

@Book{sornmo,
  author    = {L Sornmo},
  title     = {Biolectrical Signal Processing in Cardiac and Neurological Applications},
  year      = {2005},
  edition   = {1},
  publisher = {Elsevier Academic Press},
  address   = {USA},
}

@Misc{ebah,
  author        = {EBAH},
  title         = {ECG: Aula de Eletrocardiograma},
  year          = {2017},
  organization  = {EBAH},
  url           = {https:www.ebah.com.br/content/ABAAAAjMgAD/eletrocardiogram\textgreater},
  urlaccessdate = {07 mai. 2017},
}

@Book{webster,
  author    = {J G Webster},
  title     = {Medicall Instrumentation Application and Design},
  year      = {1998},
  publisher = {Johny Wiley \& Sons},
  address   = {USA},
}

@Misc{fluke,
  author        = {FLUKE{ }BIOMEDICAL},
  title         = {ProSim 8 Vital Signs Patient Monitor Simulator},
  year          = {2017},
  organization  = {FLUKE BIOMEDICAL},
  url           = {https:www.flukebiomedical.com/biomedical/usen/patient-simulators/prosim-8-vital-signs-simulator.htm?PID=72624},
  urlaccessdate = {14 mai. 2017},
}

@Book{ronald,
  author    = {R DOS SANTOS},
  title     = {Projeto de um eletrocardíografo de alta resolução para diagnóstico de cardopaticas ventriculares atriais},
  year      = {2014},
  publisher = {Universidade Estado do Amazonas},
  address   = {Manaus},
}

@Book{veloso,
  author    = {R P Veloso},
  title     = {Protótipo de um Eletromiógrafico Digital},
  year      = {2004},
  publisher = {Universidade Regional de Blumenau},
  address   = {Blumenau},
}

@Misc{raspb,
  author        = {FILIPEFLOP},
  title         = {Raspberry Pi},
  year          = {2017},
  organization  = {FILIPEFLOP},
  url           = {https://www.filipeflop.com/blog/tutorial-raspberry-pi-linux/},
  urlaccessdate = {23 mai. 2017},
}

@Book{tanen,
  author    = {TANENBAUM, ANDREW S.},
  title     = {Redes de Computadores},
  year      = {2003},
  edition   = {4},
  publisher = {Editora Campus},
  address   = {Brasil},
}

@Misc{pds,
  author        = {Rui Sarnadas and Hugo Silva},
  title         = {Relatório de PDS – ECG},
  year          = {2016},
  url           = {http://users.isr.ist.utl.pt},
  urlaccessdate = {06 nov. 2016},
}

@Book{souza,
  author    = {P V E Souza},
  title     = {Sistema de Aquisição de EMG e ECG para plataforma Android},
  year      = {2008},
  publisher = {Universidade Federal de Pernambuco},
  address   = {Recife},
}

@Book{android,
  author    = {P Souza},
  title     = {Sistema de aquisição de sinais EMG e ECG para plataforma Android},
  year      = {2015},
  publisher = {UFPE},
  address   = {Recife},
}

@Book{sugi,
  author    = {C K Sugiyama and G R Ferrari and H G P Reis},
  title     = {Sistema de aquisição de sinal de eletrocardiograma com aplicativo Android},
  year      = {2015},
  publisher = {UTFPR},
  address   = {Paraná},
}

@Book{vier,
  author    = {A P View},
  title     = {Sistema de Eletrocardiograma (ECG) com reconhecimento de arritmias},
  year      = {2008},
  publisher = {Universidade Positivo},
  address   = {Curitiba},
}

@Book{silva,
  author    = {Márcio C Silva},
  title     = {Sistema para avaliação da conformidade de Eletrocardiógrafos},
  year      = {2008},
  publisher = {UNICAMP},
  address   = {Rio de Janeiro},
}

@Book{digi,
  author    = {J RONALD TOCCI and Neal S Widner and Gregory L Moss},
  title     = {Sistemas Digitais. Princ{\'{i}}pios e Aplica{\c{c}}{\~{a}}o},
  year      = {2011},
  edition   = {11},
  publisher = {Pearson Prentice Hall},
  address   = {S{\~{a}}o Paulo},
}

@Misc{analogic,
  author        = {ANALOGIC{ }DEVICE},
  title         = {SparkFun Single Lead Heart Rate Monitor - AD8232},
  year          = {2017},
  organization  = {Analogic Device},
  url           = {https:www.sparkfun.com/products/12650},
  urlaccessdate = {07 nov. 2017},
}

@Book{thaler,
  author    = {M Thaler},
  title     = {The Only EKG Book You’ll Ever Need},
  year      = {2012},
  publisher = {Lippincott Williams \& Wilkins},
  address   = {Philadelphia},
}

@Book{guyton,
  author    = {GUYTON, ARTHUR C and HALL, JOHN E},
  title     = {Tratado de Fisiologia M{\'{e}}dica},
  year      = {2011},
  publisher = {University of Missisipi Medicai Center},
  address   = {Missisipi},
}

@Misc{ras,
  author        = {JEMERY{ }LINDSAY},
  title         = {Turning GIO pins high and low on a Raspberry Pi 3 using .NET Core 2 and Ubuntu},
  year          = {2017},
  organization  = {JEMERY LINDSAY},
  url           = {https://jeremylindsayni.wordpress.com/2017/04/05/turning-gpio-pins-high-and-low-on-a-raspberry-pi-3-using-net-core-2-and-ubuntu},
  urlaccessdate = {12 mai. 2017},
}

@Comment{jabref-meta: databaseType:biblatex;}
